@InProceedings{Sturm:2012,
author = {Jurgen Sturm and Nikolas Engelhard and Felix Endres and Wolfram Burgard and Daniel Cremers},
title = {{A Benchmark for the Evaluation of RGB-D SLAM Systems}},
booktitle = {IEEE/RSJ International Conference on Intelligent Robots and Systems},
pages = {573-580},
year = {2012},
address = {Vilamoura, Algarve, Portugal},
month = {October}
}

